
@inproceedings{DBLP:conf/csl/AccattoliL14,
  author    = {Beniamino Accattoli and
               Ugo Dal Lago},
  title     = {Beta reduction is invariant, indeed},
  booktitle = {{EACSL} Annual Conference on Computer
               Science Logic {(CSL)} and the Twenty-Ninth Annual {ACM/IEEE} Symposium
               on Logic in Computer Science (LICS), {CSL-LICS} '14, Vienna, Austria,
               July 14 - 18, 2014},
  pages     = {8:1--8:10},
  year      = {2014},
  crossref  = {DBLP:conf/csl/2014},
  url       = {http://doi.acm.org/10.1145/2603088.2603105},
  doi       = {10.1145/2603088.2603105},
  timestamp = {Thu, 23 Apr 2015 17:57:17 +0200},
  biburl    = {http://dblp.uni-trier.de/rec/bib/conf/csl/AccattoliL14},
  bibsource = {dblp computer science bibliography, http://dblp.org}
}

@proceedings{DBLP:conf/csl/2014,
  editor    = {Thomas A. Henzinger and
               Dale Miller},
  title     = {Joint Meeting of the Twenty-Third {EACSL} Annual Conference on Computer
               Science Logic {(CSL)} and the Twenty-Ninth Annual {ACM/IEEE} Symposium
               on Logic in Computer Science (LICS), {CSL-LICS} '14, Vienna, Austria,
               July 14 - 18, 2014},
  publisher = {{ACM}},
  year      = 2014,
  url       = {http://dl.acm.org/citation.cfm?id=2603088},
  isbn      = {978-1-4503-2886-9},
  timestamp = {Fri, 12 Sep 2014 15:21:24 +0200},
  biburl    = {http://dblp.uni-trier.de/rec/bib/conf/csl/2014},
  bibsource = {dblp computer science bibliography, http://dblp.org}
}

@inproceedings{DBLP:conf/aplas/AccattoliBM15,
  author    = {Beniamino Accattoli and
               Pablo Barenbaum and
               Damiano Mazza},
  title     = {A Strong Distillery},
  booktitle = {{APLAS}}
               2015, Pohang, South Korea, November 30 - December 2, 2015, Proceedings},
  pages     = {231--250},
  year      = {2015},
  crossref  = {DBLP:conf/aplas/2015},
  url       = {http://dx.doi.org/10.1007/978-3-319-26529-2\_13},
  doi       = {10.1007/978-3-319-26529-2\_13},
  timestamp = {Wed, 09 Dec 2015 19:21:03 +0100},
  biburl    = {http://dblp.uni-trier.de/rec/bib/conf/aplas/AccattoliBM15},
  bibsource = {dblp computer science bibliography, http://dblp.org}
}
@proceedings{DBLP:conf/aplas/2015,
  editor    = {Xinyu Feng and
               Sungwoo Park},
  title     = {Programming Languages and Systems - 13th Asian Symposium, {APLAS}
               2015, Pohang, South Korea, November 30 - December 2, 2015, Proceedings},
  series    = {Lecture Notes in Computer Science},
  volume    = {9458},
  publisher = {Springer},
  year      = {2015},
  url       = {http://dx.doi.org/10.1007/978-3-319-26529-2},
  doi       = {10.1007/978-3-319-26529-2},
  isbn      = {978-3-319-26528-5},
  timestamp = {Wed, 09 Dec 2015 19:19:57 +0100},
  biburl    = {http://dblp.uni-trier.de/rec/bib/conf/aplas/2015},
  bibsource = {dblp computer science bibliography, http://dblp.org}
}

@inproceedings{DBLP:conf/flops/AccattoliP12,
  author    = {Beniamino Accattoli and
               Luca Paolini},
  title     = {Call-by-Value Solvability, Revisited},
  booktitle = {{{FLOPS}
               2012, Kobe, Japan, May 23-25, 2012. Proceedings}},
  pages     = {4--16},
  year      = {2012},
  crossref  = {DBLP:conf/flops/2012},
  url       = {http://dx.doi.org/10.1007/978-3-642-29822-6\_4},
  doi       = {10.1007/978-3-642-29822-6\_4},
  timestamp = {Mon, 21 May 2012 11:24:38 +0200},
  biburl    = {http://dblp.uni-trier.de/rec/bib/conf/flops/AccattoliP12},
  bibsource = {dblp computer science bibliography, http://dblp.org}
}
@proceedings{DBLP:conf/flops/2012,
  editor    = {Tom Schrijvers and
               Peter Thiemann},
  title     = {Functional and Logic Programming - 11th International Symposium, {FLOPS}
               2012, Kobe, Japan, May 23-25, 2012. Proceedings},
  series    = {Lecture Notes in Computer Science},
  volume    = {7294},
  publisher = {Springer},
  year      = {2012},
  url       = {http://dx.doi.org/10.1007/978-3-642-29822-6},
  doi       = {10.1007/978-3-642-29822-6},
  isbn      = {978-3-642-29821-9},
  timestamp = {Mon, 21 May 2012 11:20:46 +0200},
  biburl    = {http://dblp.uni-trier.de/rec/bib/conf/flops/2012},
  bibsource = {dblp computer science bibliography, http://dblp.org}
}

@inproceedings{DBLP:conf/csl/AccattoliK10,
  author    = {Beniamino Accattoli and
               Delia Kesner},
  title     = {The Structural \emph{lambda}-Calculus},
  booktitle = {{{CSL} 2010, 19th
               Annual Conference of the EACSL, Brno, Czech Republic, August 23-27,
               2010. Proceedings}},
  pages     = {381--395},
  year      = {2010},
  crossref  = {DBLP:conf/csl/2010},
  url       = {http://dx.doi.org/10.1007/978-3-642-15205-4\_30},
  doi       = {10.1007/978-3-642-15205-4\_30},
  timestamp = {Wed, 18 Aug 2010 10:51:27 +0200},
  biburl    = {http://dblp.uni-trier.de/rec/bib/conf/csl/AccattoliK10},
  bibsource = {dblp computer science bibliography, http://dblp.org}
}
@proceedings{DBLP:conf/csl/2010,
  editor    = {Anuj Dawar and
               Helmut Veith},
  title     = {Computer Science Logic, 24th International Workshop, {CSL} 2010, 19th
               Annual Conference of the EACSL, Brno, Czech Republic, August 23-27,
               2010. Proceedings},
  series    = {Lecture Notes in Computer Science},
  volume    = {6247},
  publisher = {Springer},
  year      = {2010},
  url       = {http://dx.doi.org/10.1007/978-3-642-15205-4},
  doi       = {10.1007/978-3-642-15205-4},
  isbn      = {978-3-642-15204-7},
  timestamp = {Wed, 18 Aug 2010 09:45:15 +0200},
  biburl    = {http://dblp.uni-trier.de/rec/bib/conf/csl/2010},
  bibsource = {dblp computer science bibliography, http://dblp.org}
}


@book{DBLP:books/sp/ODonnell77,
  author    = {Michael J. O'Donnell},
  title     = {Computing in Systems Described by Equations},
  series    = {Lecture Notes in Computer Science},
  volume    = {58},
  publisher = {Springer},
  year      = {1977},
  url       = {http://dx.doi.org/10.1007/3-540-08531-9},
  doi       = {10.1007/3-540-08531-9},
  isbn      = {3-540-08531-9},
  timestamp = {Fri, 24 Jun 2011 20:39:19 +0200},
  biburl    = {http://dblp.uni-trier.de/rec/bib/books/sp/ODonnell77},
  bibsource = {dblp computer science bibliography, http://dblp.org}
}



@PhdThesis{Tesis:Klop,
  author = 	 {Jan Willem Klop},
  title = {{Combinatory Reduction Systems}},
  school = 	 {Utrecht University},
  year = 	 {1980},
  OPTkey = 	 {},
  OPTtype = 	 {},
  OPTaddress = 	 {},
  OPTmonth = 	 {},
  OPTnote = 	 {},
  OPTannote = 	 {}
}

@inproceedings{DBLP:conf/lics/AccattoliC15,
  author    = {Beniamino Accattoli and
               Claudio Sacerdoti Coen},
  title     = {On the Relative Usefulness of Fireballs},
  booktitle = {{{LICS}
               2015, Kyoto, Japan, July 6-10, 2015}},
  pages     = {141--155},
  year      = {2015},
  crossref  = {DBLP:conf/lics/2015},
  OPTurl       = {http://dx.doi.org/10.1109/LICS.2015.23},
  OPTdoi       = {10.1109/LICS.2015.23},
  timestamp = {Wed, 25 May 2016 10:19:57 +0200},
  biburl    = {http://dblp.uni-trier.de/rec/bib/conf/lics/AccattoliC15},
  bibsource = {dblp computer science bibliography, http://dblp.org}
}
@proceedings{DBLP:conf/lics/2015,
  title     = {30th Annual {ACM/IEEE} Symposium on Logic in Computer Science, {LICS}
               2015, Kyoto, Japan, July 6-10, 2015},
  publisher = {{IEEE} Computer Society},
  year      = {2015},
  OPTurl       = {http://ieeexplore.ieee.org/xpl/mostRecentIssue.jsp?punumber=7174833},
  isbn      = {978-1-4799-8875-4},
  timestamp = {Wed, 25 May 2016 10:19:57 +0200},
  biburl    = {http://dblp.uni-trier.de/rec/bib/conf/lics/2015},
  bibsource = {dblp computer science bibliography, http://dblp.org}
}

@article{DBLP:journals/corr/AccattoliL16,
  author    = {Beniamino Accattoli and
               Ugo Dal Lago},
  title     = {(Leftmost-Outermost) Beta Reduction is Invariant, Indeed},
  journal   = {Logical Methods in Computer Science},
  volume    = {12},
  number    = {1},
  year      = {2016},
  OPTurl       = {http://dx.doi.org/10.2168/LMCS-12(1:4)2016},
  OPTdoi       = {10.2168/LMCS-12(1:4)2016},
  timestamp = {Mon, 04 Apr 2016 13:16:34 +0200},
  biburl    = {http://dblp.uni-trier.de/rec/bib/journals/corr/AccattoliL16},
  bibsource = {dblp computer science bibliography, http://dblp.org}
}


@Book{Asperti-Guerrini:1999,
  author = 	 {Asperti, Andrea and Guerrini, Stefano},
  ALTeditor = 	 {},
  title = {{The Optimal Implementation of Functional Programming Languages}},
  publisher = 	 {CUP},
  year = 	 {1999},
  OPTkey = 	 {},
  OPTvolume = 	 {},
  OPTnumber = 	 {},
  series = 	 {Cambridge Tracts in Theoretical Computer Science},
  OPTaddress = 	 {},
  OPTedition = 	 {},
  OPTmonth = 	 {},
  OPTnote = 	 {},
  OPTannote = 	 {}
}

@inproceedings{DBLP:conf/icfp/Balabonski13,
  author    = {Thibaut Balabonski},
  title     = {Weak optimality, and the meaning of sharing},
  booktitle = {{{SIGPLAN} International Conference on Functional Programming,
               ICFP'13, Boston, MA, {USA} - September 25 - 27, 2013}},
  pages     = {263--274},
  year      = {2013},
  crossref  = {DBLP:conf/icfp/2013},
  OPTurl       = {http://doi.acm.org/10.1145/2500365.2500606},
  OPTdoi       = {10.1145/2500365.2500606},
  timestamp = {Thu, 19 Sep 2013 11:26:38 +0200},
  biburl    = {http://dblp.uni-trier.de/rec/bib/conf/icfp/Balabonski13},
  bibsource = {dblp computer science bibliography, http://dblp.org}
}

@proceedings{DBLP:conf/icfp/2013,
  editor    = {Greg Morrisett and
               Tarmo Uustalu},
  title     = {{ACM} {SIGPLAN} International Conference on Functional Programming,
               ICFP'13, Boston, MA, {USA} - September 25 - 27, 2013},
  publisher = {{ACM}},
  year      = {2013},
  OPTurl       = {http://dl.acm.org/citation.cfm?id=2500365},
  isbn      = {978-1-4503-2326-0},
  timestamp = {Thu, 19 Sep 2013 11:20:00 +0200},
  biburl    = {http://dblp.uni-trier.de/rec/bib/conf/icfp/2013},
  bibsource = {dblp computer science bibliography, http://dblp.org}
}

@InCollection{Levy:2007,
  author = 	 {Jean-Jacques L\'evy},
  title = {{Generalized Finite developments}},
  booktitle = {{Essays in Honour of Gilles Kahn}},
  OPTcrossref =  {},
  OPTkey = 	 {},
  publisher = {Cambridge University Press},
  year = 	 {2007},
  OPTeditor = 	 {},
  OPTvolume = 	 {},
  OPTnumber = 	 {},
  OPTseries = 	 {},
  OPTtype = 	 {},
  OPTchapter = 	 {},
  OPTpages = 	 {},
  OPTedition = 	 {},
  OPTmonth = 	 {},
  OPTaddress = 	 {},
  OPTnote = 	 {},
  OPTannote = 	 {}
}

@PhdThesis{Draft:Tesis:Pablo,
  author = 	 {Pablo Barenbaum},
  title = {{Reduction Strategies for the Linear Substitution Calculus}},
  school = 	 {Universidad de Buenos Aires},
  year = 	 {2016},
  OPTkey = 	 {},
  OPTtype = 	 {},
  OPTaddress = 	 {},
  OPTmonth = 	 {},
  note = 	 {Draft},
  OPTannote = 	 {}
}

@proceedings{DBLP:conf/popl/2014,
  editor    = {Suresh Jagannathan and
               Peter Sewell},
  title     = {The 41st Annual {ACM} {SIGPLAN-SIGACT} Symposium on Principles of
               Programming Languages, {POPL} '14, San Diego, CA, USA, January 20-21,
               2014},
  publisher = {{ACM}},
  year      = {2014},
  OPTurl       = {http://dl.acm.org/citation.cfm?id=2535838},
  isbn      = {978-1-4503-2544-8},
  timestamp = {Thu, 09 Jan 2014 08:21:22 +0100},
  biburl    = {http://dblp.uni-trier.de/rec/bib/conf/popl/2014},
  bibsource = {dblp computer science bibliography, http://dblp.org}
}

@book{Terese,
  author    = {Terese},
  title     = {Term Rewriting Systems},
  publisher = {Cambridge University Press},
  year      = 2003,
  volume    = 55,
  series    = {Cambridge Tracts in Theoretical Computer Science},
}

@phdthesis{thesismellies,
	Author = {Paul-Andr\'e Melli\`es},
	title = {{Description Abstraite des Syst\`emes de R\'e\'ecriture}},
	School = {Universit\'e Paris 7},
	Type = {Ph{D} thesis},
	Year = {1996}
}


@inproceedings{DBLP:conf/lics/GonthierLM92,
  author    = {Georges Gonthier and
               Jean-Jacques L{\'e}vy and
               Paul-Andr{\'e} Melli{\`e}s},
  title     = {{An abstract standardisation theorem}},
  booktitle = {{LICS}},
  year      = {1992},
  pages     = {72-81},
  ee        = {http://dx.doi.org/10.1109/LICS.1992.185521},
  bibsource = {DBLP, http://dblp.uni-trier.de}
}

@inproceedings{DBLP:conf/caap/GlauertK96,
  author    = {John R. W. Glauert and
               Zurab Khasidashvili},
  title     = {Relative Normalization in Deterministic Residual Structures},
  booktitle = {Trees in Algebra and Programming - CAAP'96, 21st International Colloquium,
               Link{\"{o}}ping, Sweden, April, 22-24, 1996, Proceedings},
  pages     = {180--195},
  year      = {1996},
  crossref  = {DBLP:conf/caap/1996},
  OPTurl       = {http://dx.doi.org/10.1007/3-540-61064-2\_37},
  OPTdoi       = {10.1007/3-540-61064-2_37},
  timestamp = {Fri, 18 Sep 2009 15:12:20 +0200},
  biburl    = {http://dblp.uni-trier.de/rec/bib/conf/caap/GlauertK96},
  bibsource = {dblp computer science bibliography, http://dblp.org}
}
@proceedings{DBLP:conf/caap/1996,
  editor    = {H{\'{e}}l{\`{e}}ne Kirchner},
  title     = {Trees in Algebra and Programming - CAAP'96, 21st International Colloquium,
               Link{\"{o}}ping, Sweden, April, 22-24, 1996, Proceedings},
  series    = {Lecture Notes in Computer Science},
  volume    = {1059},
  publisher = {Springer},
  year      = {1996},
  isbn      = {3-540-61064-2},
  timestamp = {Thu, 03 Jan 2002 11:54:12 +0100},
  biburl    = {http://dblp.uni-trier.de/rec/bib/conf/caap/1996},
  bibsource = {dblp computer science bibliography, http://dblp.org}
}

@article{DBLP:journals/jfp/AbadiCCL91,
  author    = {Mart{\'{\i}}n Abadi and
               Luca Cardelli and
               Pierre{-}Louis Curien and
               Jean{-}Jacques L{\'{e}}vy},
  title     = {Explicit Substitutions},
  journal   = {J. Funct. Program.},
  volume    = {1},
  number    = {4},
  pages     = {375--416},
  year      = {1991},
  OPTurl       = {http://dx.doi.org/10.1017/S0956796800000186},
  OPTdoi       = {10.1017/S0956796800000186},
  timestamp = {Fri, 10 Jun 2011 14:42:04 +0200},
  biburl    = {http://dblp.uni-trier.de/rec/bib/journals/jfp/AbadiCCL91},
  bibsource = {dblp computer science bibliography, http://dblp.org}
}

@article{DBLP:journals/logcom/Mellies00,
  author    = {Paul{-}Andr{\'{e}} Melli{\`{e}}s},
  title     = {Axiomatic rewriting theory {II:} the $\lambda\sigma$-calculus enjoys finite
               normalisation cones},
  journal   = {J. Log. Comput.},
  volume    = {10},
  number    = {3},
  pages     = {461--487},
  year      = {2000},
  OPTurl       = {http://dx.doi.org/10.1093/logcom/10.3.461},
  OPTdoi       = {10.1093/logcom/10.3.461},
  timestamp = {Wed, 29 Jun 2011 15:52:40 +0200},
  biburl    = {http://dblp.uni-trier.de/rec/bib/journals/logcom/Mellies00},
  bibsource = {dblp computer science bibliography, http://dblp.org}
}

@inproceedings{DBLP:conf/rta/Mellies02,
  author    = {Paul{-}Andr{\'{e}} Melli{\`{e}}s},
  title     = {Axiomatic Rewriting Theory {VI}: Residual Theory Revisited},
  booktitle = {Rewriting Techniques and Applications, 13th International Conference,
               {RTA} 2002, Copenhagen, Denmark, July 22-24, 2002, Proceedings},
  pages     = {24--50},
  year      = {2002},
  crossref  = {DBLP:conf/rta/2002},
  OPTurl       = {http://dx.doi.org/10.1007/3-540-45610-4\_4},
  OPTdoi       = {10.1007/3-540-45610-4_4},
  timestamp = {Thu, 30 Jun 2011 15:59:38 +0200},
  biburl    = {http://dblp.uni-trier.de/rec/bib/conf/rta/Mellies02},
  bibsource = {dblp computer science bibliography, http://dblp.org}
}
@proceedings{DBLP:conf/rta/2002,
  editor    = {Sophie Tison},
  title     = {Rewriting Techniques and Applications, 13th International Conference,
               {RTA} 2002, Copenhagen, Denmark, July 22-24, 2002, Proceedings},
  series    = {Lecture Notes in Computer Science},
  volume    = {2378},
  publisher = {Springer},
  year      = {2002},
  isbn      = {3-540-43916-1},
  timestamp = {Fri, 26 Jul 2002 11:06:55 +0200},
  biburl    = {http://dblp.uni-trier.de/rec/bib/conf/rta/2002},
  bibsource = {dblp computer science bibliography, http://dblp.org}
}

@inproceedings{DBLP:conf/ctcs/Mellies97,
  author    = {Paul{-}Andr{\'{e}} Melli{\`{e}}s},
  title     = {A Factorisation Theorem in Rewriting Theory},
  booktitle = {Category Theory and Computer Science, 7th International Conference,
               {CTCS} '97, Santa Margherita Ligure, Italy, September 4-6, 1997, Proceedings},
  pages     = {49--68},
  year      = {1997},
  doi       = {10.1007/BFb0026981},
  timestamp = {Mon, 22 May 2017 17:11:19 +0200},
  biburl    = {http://dblp.org/rec/bib/conf/ctcs/Mellies97},
  bibsource = {dblp computer science bibliography, http://dblp.org}
}

@inproceedings{DBLP:conf/birthday/Mellies05,
  author    = {Paul{-}Andr{\'{e}} Melli{\`{e}}s},
  title     = {Axiomatic Rewriting Theory {I:} {A} Diagrammatic Standardization Theorem},
  booktitle = {Processes, Terms and Cycles: Steps on the Road to Infinity, Essays
               Dedicated to Jan Willem Klop, on the Occasion of His 60th Birthday},
  pages     = {554--638},
  year      = {2005},
  doi       = {10.1007/11601548_23},
  timestamp = {Tue, 30 May 2017 16:36:52 +0200},
  biburl    = {http://dblp.org/rec/bib/conf/birthday/Mellies05},
  bibsource = {dblp computer science bibliography, http://dblp.org}
}

@InCollection{Boudol:1985,
  author = 	 {G\'erard Boudol},
  title = {{Computational semantics of term rewriting systems}},
  booktitle = {{Algebraic Methods in Semantics}},
  OPTcrossref =  {},
  OPTkey = 	 {},
  publisher = {Cambridge University Press},
  year = 	 {1985},
  editor = 	 {M. Nivat and J.C. Reynolds},
  OPTvolume = 	 {},
  OPTnumber = 	 {},
  OPTseries = 	 {},
  OPTtype = 	 {},
  OPTchapter = 	 {},
  pages = 	 {169–236},
  OPTedition = 	 {},
  OPTmonth = 	 {},
  OPTaddress = 	 {},
  OPTnote = 	 {},
  OPTannote = 	 {}
}


@inproceedings{DBLP:conf/plilp/BenaissaLR96,
  author    = {Zine{-}El{-}Abidine Benaissa and
               Pierre Lescanne and
               Kristoffer H{\o}gsbro Rose},
  title     = {Modeling Sharing and Recursion for Weak Reduction Strategies Using
               Explicit Substitution},
  booktitle = {Programming Languages: Implementations, Logics, and Programs, 8th
               International Symposium, PLILP'96, Aachen, Germany, September 24-27,
               1996, Proceedings},
  pages     = {393--407},
  year      = {1996},
  crossref  = {DBLP:conf/plilp/1996},
  OPTurl       = {http://dx.doi.org/10.1007/3-540-61756-6\_99},
  OPTdoi       = {10.1007/3-540-61756-6_99},
  timestamp = {Tue, 13 Oct 2009 10:54:18 +0200},
  biburl    = {http://dblp.uni-trier.de/rec/bib/conf/plilp/BenaissaLR96},
  bibsource = {dblp computer science bibliography, http://dblp.org}
}
@proceedings{DBLP:conf/plilp/1996,
  editor    = {Herbert Kuchen and
               S. Doaitse Swierstra},
  title     = {Programming Languages: Implementations, Logics, and Programs, 8th
               International Symposium, PLILP'96, Aachen, Germany, September 24-27,
               1996, Proceedings},
  series    = {Lecture Notes in Computer Science},
  volume    = {1140},
  publisher = {Springer},
  year      = {1996},
  isbn      = {3-540-61756-6},
  timestamp = {Mon, 04 Feb 2002 16:32:02 +0100},
  biburl    = {http://dblp.uni-trier.de/rec/bib/conf/plilp/1996},
  bibsource = {dblp computer science bibliography, http://dblp.org}
}

@inproceedings{DBLP:conf/popl/Maranget91,
  author    = {Luc Maranget},
  title     = {Optimal Derivations in Weak Lambda-calculi and in Orthogonal Terms
               Rewriting Systems},
  booktitle = {{{ACM} Symposium on Principles
               of Programming Languages, Orlando, Florida, USA, January 21-23, 1991}},
  pages     = {255--269},
  year      = {1991},
  crossref  = {DBLP:conf/popl/1991},
  OPTurl       = {http://doi.acm.org/10.1145/99583.99618},
  OPTdoi       = {10.1145/99583.99618},
  timestamp = {Mon, 21 May 2012 16:19:51 +0200},
  biburl    = {http://dblp.uni-trier.de/rec/bib/conf/popl/Maranget91},
  bibsource = {dblp computer science bibliography, http://dblp.org}
}
@proceedings{DBLP:conf/popl/1991,
  editor    = {David S. Wise},
  title     = {Conference Record of the Eighteenth Annual {ACM} Symposium on Principles
               of Programming Languages, Orlando, Florida, USA, January 21-23, 1991},
  publisher = {{ACM} Press},
  year      = {1991},
  OPTurl       = {http://dl.acm.org/citation.cfm?id=99583},
  isbn      = {0-89791-419-8},
  timestamp = {Mon, 21 May 2012 16:19:49 +0200},
  biburl    = {http://dblp.uni-trier.de/rec/bib/conf/popl/1991},
  bibsource = {dblp computer science bibliography, http://dblp.org}
}


 
 
@Unpublished{OoLZ:2004,
  author = 	 {Vincent van Oostrom, Kees-Jan van de Looij, Marijn Zwitserlood},
  title = {{] (lambdascope)}},
  note = 	 {Workshop on Algebra and Logic on Programming Systems (ALPS)},
  OPTkey = 	 {},
  month = 	 {April},
  year = 	 {2004},
  OPTannote = 	 {}
}


@inproceedings{DBLP:conf/rta/Oostrom97,
  author    = {Vincent van Oostrom},
  title     = {Finite Family Developments},
  booktitle = {Rewriting Techniques and Applications, 8th International Conference,
               RTA-97, Sitges, Spain, June 2-5, 1997, Proceedings},
  pages     = {308--322},
  year      = {1997},
  crossref  = {DBLP:conf/rta/1997},
  OPTurl       = {http://dx.doi.org/10.1007/3-540-62950-5\_80},
  OPTdoi       = {10.1007/3-540-62950-5\_80},
  timestamp = {Wed, 23 Sep 2009 11:59:52 +0200},
  biburl    = {http://dblp.uni-trier.de/rec/bib/conf/rta/Oostrom97},
  bibsource = {dblp computer science bibliography, http://dblp.org}
}
@proceedings{DBLP:conf/rta/1997,
  editor    = {Hubert Comon},
  title     = {Rewriting Techniques and Applications, 8th International Conference,
               RTA-97, Sitges, Spain, June 2-5, 1997, Proceedings},
  series    = {Lecture Notes in Computer Science},
  volume    = {1232},
  publisher = {Springer},
  year      = {1997},
  isbn      = {3-540-62950-5},
  timestamp = {Wed, 13 Mar 2002 10:21:23 +0100},
  biburl    = {http://dblp.uni-trier.de/rec/bib/conf/rta/1997},
  bibsource = {dblp computer science bibliography, http://dblp.org}
}


@inproceedings{DBLP:conf/rta/Bruggink06,
  author    = {H. J. Sander Bruggink},
  title     = {A Proof of Finite Family Developments for Higher-Order Rewriting Using
               a Prefix Property},
  booktitle = {{{RTA}
               2006, Seattle, WA, USA, August 12-14, 2006, Proceedings}},
  pages     = {372--386},
  year      = {2006},
  crossref  = {DBLP:conf/rta/2006},
  OPTurl       = {http://dx.doi.org/10.1007/11805618\_28},
  OPTdoi       = {10.1007/11805618\_28},
  timestamp = {Wed, 07 Jan 2015 19:36:35 +0100},
  biburl    = {http://dblp.uni-trier.de/rec/bib/conf/rta/Bruggink06},
  bibsource = {dblp computer science bibliography, http://dblp.org}
}
@proceedings{DBLP:conf/rta/2006,
  editor    = {Frank Pfenning},
  title     = {Term Rewriting and Applications, 17th International Conference, {RTA}
               2006, Seattle, WA, USA, August 12-14, 2006, Proceedings},
  series    = {Lecture Notes in Computer Science},
  volume    = {4098},
  publisher = {Springer},
  year      = {2006},
  isbn      = {3-540-36834-5},
  timestamp = {Tue, 22 Aug 2006 10:57:09 +0200},
  biburl    = {http://dblp.uni-trier.de/rec/bib/conf/rta/2006},
  bibsource = {dblp computer science bibliography, http://dblp.org}
}

@InProceedings{AccattoliBarenbaumMazza:ICFP2014,
       author = "Beniamino Accattoli and Pablo Barenbaum and Damiano Mazza",
        title = "Distilling Abstract Machines",
    booktitle = "Proceedings of ICFP",
       editor = "J.~Jeuring and M.~Chakravarty",
    publisher = "ACM",
        pages = "363--376",
         year = "2014",
}

@InProceedings{Kesner:Fossacs2016,
  author="Kesner, Delia",
  editor="Jacobs, Bart
    and L{\"o}ding, Christof",
  title="Reasoning About Call-by-need by Means of Types",
  booktitle="Foundations of Software Science and Computation Structures",
  year="2016",
  publisher="Springer Berlin Heidelberg",
  address="Berlin, Heidelberg",
  pages="424--441",
  isbn="978-3-662-49630-5"
}


@article{Staples1981-STAECR-3,
	author = {John Staples},
	volume = {27},
	pages = {391--402},
	publisher = {Wiley-Blackwell},
	journal = {Mathematical Logic Quarterly},
	number = {2530},
	year = {1981},
	title = {{Efficient Combinatory Reduction}}
}

@phdthesis{Vuillemin:1974:PRP:906587,
 author = {Vuillemin, Jean Etienne},
 title = {{Proof-techniques for Recursive Programs}},
 year = {1974},
 note = {AAI7413700},
 school = {Stanford University},
 publisher = {Stanford University},
 address = {Stanford, CA, USA},
} 

@phdthesis{Vuillemin1975,
 author = {Vuillemin, Jean Etienne},
 title = {{Syntaxe, s\'emantique et axiomatique d'un langage de programmation simple}},
 year = {1975},
 school = {Universit\'e de Paris VII}
} 

@article{Berry:1979:MOC:322108.322122,
 author = {Berry, G{\'e}rard and L{\'e}vy, Jean-Jacques},
 title = {{Minimal and Optimal Computations of Recursive Programs}},
 journal = {J. ACM},
 issue_date = {Jan. 1979},
 volume = {26},
 number = {1},
 month = jan,
 year = {1979},
 issn = {0004-5411},
 pages = {148--175},
 numpages = {28},
 url = {http://doi.acm.org/10.1145/322108.322122},
 doi = {10.1145/322108.322122},
 acmid = {322122},
 publisher = {ACM},
 address = {New York, NY, USA},
} 

@article{Levy1980,
  author = 	 {Jean-Jacques L{\'e}vy},
  title = {{Optimal reductions in the lambda calculus}},
  journal = {Essays on Combinatory Logic, Lambda Calculus and Formalism},
  year = {1980}
}

@INPROCEEDINGS{Lamping90analgorithm,
    author = {John Lamping},
    title = {{An algorithm for optimal lambda calculus reduction}},
    year = {1990},
    pages = {16--30},
    booktitle = {{Proceedings of the 17th ACM SIGPLAN-SIGACT Symposium on Principles of Programming Languages}},
    series = {POPL '90},
    publisher = {ACM Press}
}

@techreport{Barendregt1976,
    author = {Hendrik Pieter Barendregt and Jan A. Bergstra and Jan Willem Klop and Henri Volken},
    title = {{Some notes on lambda reduction}},
    number = {22},
    year = {1976},
    institution = {University of Utrecht, Department of Mathematics}
}

@phdthesis{Wadsworth1971,
    author = {Christopher P. Wadsworth},
    title = {{Semantics and Pragmatics of the Lambda Calculus}},
    year = {1971},
    school = {Oxford University}
}

@inproceedings{Asperti:1998:PBR:268946.268971,
 author = {Asperti, Andrea and Mairson, Harry G.},
 title = {{Parallel Beta Reduction is Not Elementary Recursive}},
 booktitle = {{Proceedings of the 25th ACM SIGPLAN-SIGACT Symposium on Principles of Programming Languages}},
 series = {POPL '98},
 year = {1998},
 isbn = {0-89791-979-3},
 location = {San Diego, California, USA},
 pages = {303--315},
 numpages = {13},
 url = {http://doi.acm.org/10.1145/268946.268971},
 doi = {10.1145/268946.268971},
 acmid = {268971},
 publisher = {ACM},
 address = {New York, NY, USA},
} 

@inproceedings{Gonthier:1992:GOL:143165.143172,
 author = {Gonthier, Georges and Abadi, Mart\'{\i}n and L{\'e}vy, Jean-Jacques},
 title = {{The Geometry of Optimal Lambda Reduction}},
 booktitle = {{Proceedings of the 19th ACM SIGPLAN-SIGACT Symposium on Principles of Programming Languages}},
 series = {POPL '92},
 year = {1992},
 isbn = {0-89791-453-8},
 location = {Albuquerque, New Mexico, USA},
 pages = {15--26},
 numpages = {12},
 url = {http://doi.acm.org/10.1145/143165.143172},
 doi = {10.1145/143165.143172},
 acmid = {143172},
 publisher = {ACM},
 address = {New York, NY, USA},
} 

@phdthesis{Laneve:1993,
	Author = {Cosimo Laneve},
	Month = {august},
	title = {{Optimality and Concurrency in Interaction Systems}},
	School = {Dipartimento di Informatica, Universit\`a di Pisa},
	Type = {Ph{D} thesis},
	Year = {1993}}
}

@INPROCEEDINGS{Lawall97onglobal,
    author = {Julia L. Lawall and Harry G. Mairson},
    title = {{On Global Dynamics of Optimal Graph Reduction}},
    booktitle = {{1997 ACM International Conference on Functional Programming}},
    year = {1997},
    pages = {188--195}
}

@inproceedings{Lawall:1996:OII:232627.232639,
 author = {Lawall, Julia L. and Mairson, Harry G.},
 title = {{Optimality and Inefficiency: What Isn'T a Cost Model of the Lambda Calculus?}},
 booktitle = {{Proceedings of the First ACM SIGPLAN International Conference on Functional Programming}},
 series = {ICFP '96},
 year = {1996},
 isbn = {0-89791-770-7},
 location = {Philadelphia, Pennsylvania, USA},
 pages = {92--101},
 numpages = {10},
 url = {http://doi.acm.org/10.1145/232627.232639},
 doi = {10.1145/232627.232639},
 acmid = {232639},
 publisher = {ACM},
 address = {New York, NY, USA},
} 

@TECHREPORT{Guerrini98ageneral,
    author = {Stefano Guerrini},
    title = {{A General Theory of Sharing Graphs}},
    institution = {Theoret. Comput. Sci},
    year = {1998}
}

@MISC{Asperti95,
    author = {Andrea Asperti and Cosimo Laneve},
    title = {{Paths, Computations and Labels in the λ-calculus}},
    year = {1995}
}

@Inbook{vanOostrom1996,
author="van Oostrom, Vincent",
title="Higher-order families",
bookTitle="Rewriting Techniques and Applications: 7th International Conference, RTA-96 New Brunswick, NJ, USA, July 27--30, 1996 Proceedings",
year="1996",
publisher="Springer Berlin Heidelberg",
address="Berlin, Heidelberg",
pages="392--407",
isbn="978-3-540-68596-8",
doi="10.1007/3-540-61464-8_67",
url="http://dx.doi.org/10.1007/3-540-61464-8_67"
}

@misc{Bruggink2002,
  author = {Sander Bruggink and Dimitri Hendriks and Vincent van Oostrom and Roel de Vrijer},
  title = {{Optimal Implementation of Higher-Order Rewriting}},
  year = {2002}
}

@inproceedings{Balabonski:2010:ODP:1836089.1836119,
 author = {Balabonski, Thibaut},
 title = {{Optimality for Dynamic Patterns}},
 booktitle = {{Proceedings of the 12th International ACM SIGPLAN Symposium on Principles and Practice of Declarative Programming}},
 series = {PPDP '10},
 year = {2010},
 isbn = {978-1-4503-0132-9},
 location = {Hagenberg, Austria},
 pages = {231--242},
 numpages = {12},
 url = {http://doi.acm.org/10.1145/1836089.1836119},
 doi = {10.1145/1836089.1836119},
 acmid = {1836119},
 publisher = {ACM},
 address = {New York, NY, USA},
 keywords = {dynamic patterns, labelled calculi, optimality, pattern matching, sharing},
} 

@article{Balabonski:2013:WOM:2544174.2500606,
 author = {Balabonski, Thibaut},
 title = {{Weak Optimality, and the Meaning of Sharing}},
 journal = {SIGPLAN Not.},
 issue_date = {September 2013},
 volume = {48},
 number = {9},
 month = sep,
 year = {2013},
 issn = {0362-1340},
 pages = {263--274},
 numpages = {12},
 url = {http://doi.acm.org/10.1145/2544174.2500606},
 doi = {10.1145/2544174.2500606},
 acmid = {2500606},
 publisher = {ACM},
 address = {New York, NY, USA},
 keywords = {computability, laziness, optimality, sharing, strategies, weak reduction},
} 

@article{knuth1972ancient,
  title = {{Ancient babylonian algorithms}},
  author={Knuth, Donald E},
  journal={Communications of the ACM},
  volume={15},
  number={7},
  pages={671--677},
  year={1972},
  publisher={ACM}
}

@article{Ch:32,
  author = {Alonzo Church},
  title = {{A Set of Postulates for the Foundation of Logic Part I}},
  journal = {Annals of Mathematics},
  year = {1932},
  volume = {33},
  number = {2},
  pages = {346--366},
  note = {http://www.jstor.org/stable/1968702Electronic Edition},
  url = {http://www.jstor.org/stable/1968702}
}

@INPROCEEDINGS{CardoneHistory,
	author = {Felice Cardone and J. Roger Hindley},
	title = {{J.R.: History of lambda-calculus and combinatory logic}},
	booktitle = {{Handbook of the History of Logic, volume 5: Logic}},
	year = {2006}
}

@article{Turing_on_computable_numbers,
	author = {Alan M. Turing},
	title = {{On Computable Numbers, with an Application to the Entscheidungs problem}},
	year = {1936},
    journal = {Proceedings of the London Mathematical Society},
    volume = {42},
    number = {2},
    pages = {230--265}
}

@article{church1940formulation,
  title = {{A formulation of the simple theory of types}},
  author={Church, Alonzo},
  journal={The journal of symbolic logic},
  volume={5},
  number={02},
  pages={56--68},
  year={1940},
  publisher={Cambridge Univ Press}
}

@book{russell1938principles,
  title = {{The principles of mathematics}},
  author={Russell, Bertrand},
  year={1938},
  publisher={WW Norton \& Company}
}

@article{Strachey:2000:FCP:609150.609208,
 author = {Strachey, Christopher},
 title = {{Fundamental Concepts in Programming Languages}},
 journal = {Higher Order Symbol. Comput.},
 issue_date = {April 2000},
 volume = {13},
 number = {1-2},
 month = apr,
 year = {2000},
 issn = {1388-3690},
 pages = {11--49},
 numpages = {39},
 url = {http://dx.doi.org/10.1023/A:1010000313106},
 doi = {10.1023/A:1010000313106},
 acmid = {609208},
 publisher = {Kluwer Academic Publishers},
 address = {Hingham, MA, USA},
 keywords = {CPL, L-values, R-values, ad hoc polymorphism, binding mechanisms, foundations of computing, functions as data, parameter passing, parametric polymorphism, programming languages, semantics, type completeness, variable binding},
}

@article{Curry1942,
 ISSN = {00224812},
 URL = {http://www.jstor.org/stable/2266302},
 author = {Haskell B. Curry},
 journal = {The Journal of Symbolic Logic},
 number = {2},
 pages = {49-64},
 publisher = {Association for Symbolic Logic},
 title = {{The Combinatory Foundations of Mathematical Logic}},
 volume = {7},
 year = {1942}
}


@inbook{howard1980,
    address = {London-New York},
    author = {Howard, W. A.},
    booktitle = {{To H. B. Curry: essays on combinatory logic, lambda calculus and formalism}},
    citeulike-article-id = {3506102},
    keywords = {type-theory},
    pages = {480--490},
    posted-at = {2008-11-12 14:35:50},
    priority = {2},
    publisher = {Academic Press},
    title = {{The formulae-as-types notion of construction}},
    year = {1980}
}

@phdthesis{thesisgirard,
	Author = {Jean-Yves Girard},
	title = {{Interpr\'etation fonctionnelle et \'elimination des coupures de l'arithm\'etique d'ordre sup\'erieur}},
	School = {Universit\'e Paris 7},
	Type = {Ph{D} thesis},
	Year = {1972}}
}

@inproceedings{reynolds1974towards,
  title = {{Towards a theory of type structure}},
  author={Reynolds, John C},
  booktitle = {{Programming Symposium}},
  pages={408--425},
  year={1974},
  organization={Springer}
}

@misc{martinlof1971theory,
  title = {{A theory of types}},
  author={Martin-L{\"o}f, Per},
  year={1971},
  publisher={Report}
}

@inproceedings{debruijn1970mathematical,
  title = {{The mathematical language AUTOMATH, its usage, and some of its extensions}},
  author={De Bruijn, Nicolaas Govert},
  booktitle = {{Symposium on automatic demonstration}},
  pages={29--61},
  year={1970},
  organization={Springer}
}

@book{EncyclopediaOfProofSystems,
  title = {{Towards an Encyclopaedia of Proof Systems}},   
  editor = {Woltzenlogel Paleo, Bruno}, 
  publisher = {College Publications}, 
  address = {London, UK},
  url = {https://github.com/ProofSystem/Encyclopedia/blob/master/main.pdf},
  year = {2017},
  month = {1},
  edition = {1},
  isbn = {978-1-84890-233-6}
}

@inproceedings{griffin1989formulae,
  title = {{A formulae-as-type notion of control}},
  author={Griffin, Timothy G},
  booktitle = {{Proceedings of the 17th ACM SIGPLAN-SIGACT symposium on Principles of programming languages}},
  pages={47--58},
  year={1989},
  organization={ACM}
}

@inproceedings{parigot1992lambdamu,
  title = {{$\lambda$$\mu$-calculus: an algorithmic interpretation of classical natural deduction}},
  author={Parigot, Michel},
  booktitle = {{Logic programming and automated reasoning}},
  pages={190--201},
  year={1992},
  organization={Springer}
}

@inproceedings{curien2000duality,
  title = {{The duality of computation}},
  author={Curien, Pierre-Louis and Herbelin, Hugo},
  booktitle = {{ACM sigplan notices}},
  volume={35},
  pages={233--243},
  year={2000},
  organization={ACM}
}

@article{coquand1988calculus,
  title = {{The calculus of constructions}},
  author={Coquand, Thierry and Huet, G{\'e}rard},
  journal={Information and computation},
  volume={76},
  number={2-3},
  pages={95--120},
  year={1988},
  publisher={Elsevier}
}

@article{girard1987linear,
  title = {{Linear logic}},
  author={Girard, Jean-Yves},
  journal={Theoretical computer science},
  volume={50},
  number={1},
  pages={1--101},
  year={1987},
  publisher={Elsevier}
}

@Manual{Coq:manual,
  title = {{The Coq proof assistant reference manual}},
  author =       {The Coq development team},
  organization = {LogiCal Project},
  note =         {Version 8.0},
  year =         {2004},
  url =          "http://coq.inria.fr"
}

@book{nipkow2002isabelle,
  title = {{Isabelle/HOL: a proof assistant for higher-order logic}},
  author={Nipkow, Tobias and Paulson, Lawrence C and Wenzel, Markus},
  volume={2283},
  year={2002},
  publisher={Springer Science \& Business Media}
}

@inproceedings{norell2009dependently,
  title = {{Dependently typed programming in Agda}},
  author={Norell, Ulf},
  booktitle = {{Proceedings of the 4th international workshop on Types in language design and implementation}},
  pages={1--2},
  year={2009},
  organization={ACM}
}

@book{hindley2008lambda,
  title = {{Lambda-calculus and combinators: an introduction}},
  author={Hindley, J Roger and Seldin, Jonathan P},
  volume={13}
}

@Book{hottbook,
  author =    {The {Univalent Foundations Program}},
  title = {{Homotopy Type Theory: Univalent Foundations of Mathematics}},
  publisher = {\url{https://homotopytypetheory.org/book}},
  address =   {Institute for Advanced Study},
  year =      2013
}

@book{sorensen2006lectures,
  title = {{Lectures on the Curry-Howard isomorphism}},
  author={S{\o}rensen, Morten Heine and Urzyczyn, Pawel},
  volume={149},
  year={2006},
  publisher={Elsevier}
}

@inproceedings{backus1957fortran,
  title = {{The FORTRAN automatic coding system}},
  author={Backus, John W and Beeber, Robert J and Best, Sheldon and Goldberg, Richard and Haibt, L Mitchell and Herrick, Harlan L and Nelson, Robert A and Sayre, David and Sheridan, Peter B and Stern, H and others},
  booktitle = {{Papers presented at the February 26-28, 1957, western joint computer conference: Techniques for reliability}},
  pages={188--198},
  year={1957},
  organization={ACM}
}

@book{mccarthy1965lisp,
  title = {{LISP 1.5 programmer's manual}},
  author={McCarthy, John and Levin, Michael I},
  year={1965}
}

@incollection{mailloux1969report,
  title = {{Report on the algorithmic language ALGOL 68}},
  author={Mailloux, Barry James and Peck, John Edward Lancelot and Koster, Cornelis HA and Van Wijngaarden, A},
  booktitle = {{Report on the algorithmic language Algol 68}},
  pages={80--218},
  year={1969},
  publisher={Springer}
}

@inproceedings{iverson1962programming,
  title = {{A programming language}},
  author={Iverson, Kenneth E},
  booktitle = {{Proceedings of the May 1-3, 1962, spring joint computer conference}},
  pages={345--351},
  year={1962},
  organization={ACM}
}

@INPROCEEDINGS{Sussman75scheme:an,
    author = {Gerald Jay Sussman and Guy L Steele Jr.},
    title = {{Scheme: An interpreter for extended lambda calculus}},
    booktitle = {{MEMO 349, MIT AI LAB}},
    year = {1975},
    publisher = {}
}

@article{landin1966next,
  title = {{The next 700 programming languages}},
  author={Landin, Peter J},
  journal={Communications of the ACM},
  volume={9},
  number={3},
  pages={157--166},
  year={1966},
  publisher={ACM}
}

@incollection{gordon2000lcf,
 author = {Gordon, Mike},
 chapter = {From LCF to HOL: A Short History},
 title = {{Proof, Language, and Interaction}},
 editor = {Plotkin, Gordon and Stirling, Colin and Tofte, Mads},
 year = {2000},
 isbn = {0-262-16188-5},
 pages = {169--185},
 numpages = {17},
 url = {http://dl.acm.org/citation.cfm?id=345868.345890},
 acmid = {345890},
 publisher = {MIT Press},
 address = {Cambridge, MA, USA},
} 

@book{jones2003haskell,
  title = {{Haskell 98 language and libraries: the revised report}},
  author={Jones, Simon Peyton},
  year={2003},
  publisher={Cambridge University Press}
}

@article{landin1964mechanical,
  title = {{The mechanical evaluation of expressions}},
  author={Landin, Peter J},
  journal={The Computer Journal},
  volume={6},
  number={4},
  pages={308--320},
  year={1964},
  publisher={The British Computer Society}
}

@article{plotkin1975call,
  title = {{Call-by-name, call-by-value and the $\lambda$-calculus}},
  author={Plotkin, Gordon D.},
  journal={Theoretical computer science},
  volume={1},
  number={2},
  pages={125--159},
  year={1975},
  publisher={Elsevier}
}

@article{ariola1997call,
  title = {{The call-by-need lambda calculus}},
  author={Ariola, Zena M and Felleisen, Matthias},
  journal={Journal of functional programming},
  volume={7},
  number={3},
  pages={265--301},
  year={1997},
  publisher={Cambridge University Press}
}

@article{maraist1998call,
  title = {{The call-by-need lambda calculus}},
  author={Maraist, John and Odersky, Martin and Wadler, Philip},
  journal={Journal of functional programming},
  volume={8},
  number={3},
  pages={275--317},
  year={1998},
  publisher={Cambridge University Press}
}

@article{wadler2003call,
  title = {{Call-by-value is dual to call-by-name}},
  author={Wadler, Philip},
  journal={ACM sigplan notices},
  volume={38},
  number={9},
  pages={189--201},
  year={2003},
  publisher={ACM}
}

@inproceedings{wadler2005call,
  title = {{Call-by-Value Is Dual to Call-by-Name--Reloaded}},
  author={Wadler, Philip},
  organization={Springer},
  year={2005},
}

@book{krivine1993lambda,
  title = {{Lambda-calculus, Types and Models}},
  author={Krivine, Jean Louis},
  isbn={9780130624079},
  lccn={lc93008842},
  series={Computers and their applications},
  url={https://books.google.com.ar/books?id=xE4\_AQAAIAAJ},
  year={1993},
  publisher={Ellis Horwood}
}

%%%%%%%%%%%%%%%%%%%%%%%%%%%%%%%%%%%%%

@article{church1936some,
  title = {{Some properties of conversion}},
  author={Church, Alonzo and Rosser, J Barkley},
  journal={Transactions of the American Mathematical Society},
  volume={39},
  number={3},
  pages={472--482},
  year={1936},
  publisher={JSTOR}
}

@book{curry1958combinatory,
  title = {{Combinatory Logic}},
  author={Curry, H.B. and Feys, R.},
  number={v. 1},
  lccn={a59001593},
  series={Combinatory Logic},
  year={1958},
  publisher={North-Holland Publishing Company}
}

@PhdThesis{Tesis:Levy:1978,
  author = 	 {Jean-Jacques L{\'e}vy},
  title = {{R\'eductions correctes et optimales dans le lambda-calcul}},
  school = 	 {Universit\'e de Paris 7},
  year = 	 {1978},
  OPTkey = 	 {},
  OPTtype = 	 {},
  OPTaddress = 	 {},
  OPTmonth = 	 {},
  OPTnote = 	 {},
  OPTannote = 	 {}
}

@inproceedings{dershowitz1991open,
  title = {{Open problems in rewriting}},
  author={Dershowitz, Nachum and Jouannaud, Jean-Pierre and Klop, Jan Willem},
  booktitle = {{International Conference on Rewriting Techniques and Applications}},
  pages={445--456},
  year={1991},
  organization={Springer}
}

@article{levy_redex_stability,
author = {Levy, Jean-Jacques},
year = {2015},
month = {07},
pages = {1-13},
title = {{Redexes are stable in the $\lambda$-calculus}},
volume = {27},
booktitle = {{Mathematical Structures in Computer Science}}
}

@article{laneve1994distributive,
  title = {{Distributive evaluations of $\lambda$-calculus}},
  author={Laneve, Cosimo},
  journal={Fundamenta Informaticae},
  volume={20},
  number={4},
  pages={333--352},
  year={1994},
  publisher={IOS Press}
}

@article{DBLP:journals/tcs/Zilli84,
  author    = {Marisa Venturini Zilli},
  title     = {{Reduction Graphs in the Lambda Calculus}},
  journal   = {Theor. Comput. Sci.},
  volume    = {29},
  pages     = {251--275},
  year      = {1984},
  doi       = {10.1016/0304-3975(84)90002-1},
  timestamp = {Sun, 28 May 2017 13:20:05 +0200},
  biburl    = {http://dblp.org/rec/bib/journals/tcs/Zilli84},
  bibsource = {dblp computer science bibliography, http://dblp.org}
}

@Book{Barendregt:1984,
  author = 	 {Henk Barendregt},
  title = {{The Lambda Calculus: Its Syntax and Semantics}},
  publisher = 	 {Elsevier},
  year = 	 {1984},
}

@phdthesis{carvalho2007semantiques,
  title = {{S{\'e}mantiques de la logique lin{\'e}aire et temps de calcul}},
  author={Carvalho, Daniel de},
  year={2007},
  school={Ecole Doctorale Physique et Sciences de la Mati{\`e}re (Marseille)}
}

@inproceedings{gardner1994discovering,
  title = {{Discovering needed reductions using type theory}},
  author={Gardner, Philippa},
  booktitle = {{Theoretical Aspects of Computer Software}},
  pages={555--574},
  year={1994},
  organization={Springer}
}

@article{bernadet2013non,
  title = {{Non-idempotent intersection types and strong normalisation}},
  author={Bernadet, Alexis and Lengrand, St{\'e}phane Jean},
  journal={arXiv preprint arXiv:1310.1622},
  year={2013}
}

@inproceedings{ehrhard2012collapsing,
  title = {{Collapsing non-idempotent intersection types}},
  author={Ehrhard, Thomas},
  booktitle = {{LIPIcs-Leibniz International Proceedings in Informatics}},
  volume={16},
  year={2012},
  organization={Schloss Dagstuhl-Leibniz-Zentrum fuer Informatik}
}

@inproceedings{bucciarelli2014inhabitation,
  title = {{The inhabitation problem for non-idempotent intersection types}},
  author={Bucciarelli, Antonio and Kesner, Delia and Della Rocca, Simona Ronchi},
  booktitle = {{IFIP International Conference on Theoretical Computer Science. LNCS 8705}},
  pages={341--354},
  year={2014},
  organization={Springer}
}

@inproceedings{kesner2016reasoning,
  title = {{Reasoning about call-by-need by means of types}},
  author={Kesner, Delia},
  booktitle = {{International Conference on Foundations of Software Science and Computation Structures}},
  note = {{LNCS 9634}},
  pages={424--441},
  year={2016},
  organization={Springer}
}

@article{bucciarelli2017non,
  title = {{Non-idempotent intersection types for the lambda-calculus}},
  author={Bucciarelli, Antonio and Kesner, Delia and Ventura, Daniel},
  journal={Logic Journal of the IGPL},
  volume={25},
  number={4},
  pages={431--464},
  year={2017},
  publisher={Oxford University Press}
}

@phdthesis{thesisvial,
  Author = {Pierre Vial},
  Month = {december},
  title = {{Non-Idempotent Typing Operators, Beyond the Lambda-Calculus}},
  School = {Universit\'e Paris 7},
  Type = {Ph{D} thesis},
  Year = {2017}
}

@inproceedings{mellies2002axiomatic,
  title = {{Axiomatic rewriting theory VI: Residual theory revisited}},
  author={Mellies, Paul-Andr{\'e}},
  booktitle = {{Rewriting techniques and applications}},
  pages={5--11},
  year={2002},
  organization={Springer}
}

@article{DBLP:journals/aml/CoppoD78,
  author    = {Mario Coppo and
               Mariangiola Dezani{-}Ciancaglini},
  title     = {A new type assignment for lambda-terms},
  journal   = {Arch. Math. Log.},
  volume    = {19},
  number    = {1},
  pages     = {139--156},
  year      = {1978},
  doi       = {10.1007/BF02011875},
  timestamp = {Sat, 27 May 2017 14:23:40 +0200},
  biburl    = {http://dblp.org/rec/bib/journals/aml/CoppoD78},
  bibsource = {dblp computer science bibliography, http://dblp.org}
}

@inproceedings{DBLP:conf/lics/AspertiL13,
  author    = {Andrea Asperti and
               Jean{-}Jacques L{\'{e}}vy},
  title     = {The Cost of Usage in the Lambda-Calculus},
  booktitle = {{LICS
               2013, New Orleans, LA, USA, June 25-28, 2013}},
  pages     = {293--300},
  year      = {2013},
  crossref  = {DBLP:conf/lics/2013},
  doi       = {10.1109/LICS.2013.35},
  timestamp = {Thu, 25 May 2017 00:42:40 +0200},
  biburl    = {http://dblp.org/rec/bib/conf/lics/AspertiL13},
  bibsource = {dblp computer science bibliography, http://dblp.org}
}

@inproceedings{boudol1993lambda,
  title = {{The lambda-calculus with multiplicities}},
  author={Boudol, G{\'e}rard},
  booktitle = {{CONCUR'93}},
  pages={1--6},
  year={1993},
  organization={Springer}
}

@article{ehrhard2003differential,
  title = {{The differential lambda-calculus}},
  author={Ehrhard, Thomas and Regnier, Laurent},
  journal={Theoretical Computer Science},
  volume={309},
  number={1},
  pages={1--41},
  year={2003},
  publisher={Elsevier}
}

@inproceedings{kesner2009prismoid,
  author="Kesner, Delia
  and Renaud, Fabien",
  title="The Prismoid of Resources",
  booktitle="Mathematical Foundations of Computer Science 2009",
  year="2009",
  publisher="Springer Berlin Heidelberg",
  address="Berlin, Heidelberg",
  pages="464--476",
  isbn="978-3-642-03816-7"
}


@article{kesner2007resource,
  title = {{Resource operators for $\lambda$-calculus}},
  author={Kesner, Delia and Lengrand, St{\'e}phane},
  journal={Information and Computation},
  volume={205},
  number={4},
  pages={419--473},
  year={2007},
  publisher={Elsevier}
}

@inproceedings{DBLP:conf/popl/AccattoliBKL14,
  author    = {Beniamino Accattoli and
               Eduardo Bonelli and
               Delia Kesner and
               Carlos Lombardi},
  title     = {A nonstandard standardization theorem},
  OPTbooktitle = {{{SIGPLAN-SIGACT} Symposium on Principles of
               Programming Languages, {POPL} '14, San Diego, CA, USA, January 20-21,
               2014}},
  booktitle = {{{POPL} '14, San Diego, CA, USA, January 20-21,
               2014}},
  pages     = {659--670},
  year      = {2014},
  crossref  = {DBLP:conf/popl/2014},
  OPTurl       = {http://doi.acm.org/10.1145/2535838.2535886},
  OPTdoi       = {10.1145/2535838.2535886},
  timestamp = {Thu, 09 Jan 2014 08:32:32 +0100},
  biburl    = {http://dblp.uni-trier.de/rec/bib/conf/popl/AccattoliBKL14},
  bibsource = {dblp computer science bibliography, http://dblp.org}
}

@inproceedings{DBLP:conf/birthday/HuetL91,
  author    = {G{\'{e}}rard P. Huet and
               Jean{-}Jacques L{\'{e}}vy},
  title     = {{Computations in Orthogonal Rewriting Systems, {I}}},
  booktitle = {{Computational Logic - Essays in Honor of Alan Robinson}},
  pages     = {395--414},
  year      = {1991},
  crossref  = {DBLP:conf/birthday/1991robinson},
  timestamp = {Wed, 30 Mar 2016 17:34:58 +0200},
  biburl    = {http://dblp.org/rec/bib/conf/birthday/HuetL91},
  bibsource = {dblp computer science bibliography, http://dblp.org}
}

@inproceedings{DBLP:conf/birthday/HuetL91a,
  author    = {G{\'{e}}rard P. Huet and
               Jean{-}Jacques L{\'{e}}vy},
  title     = {{Computations in Orthogonal Rewriting Systems, {II}}},
  booktitle = {{Computational Logic - Essays in Honor of Alan Robinson}},
  pages     = {415--443},
  year      = {1991},
  crossref  = {DBLP:conf/birthday/1991robinson},
  timestamp = {Wed, 30 Mar 2016 17:34:58 +0200},
  biburl    = {http://dblp.org/rec/bib/conf/birthday/HuetL91a},
  bibsource = {dblp computer science bibliography, http://dblp.org}
}

@inproceedings{KRV18,
  author="Kesner, Delia
    and R{\'i}os, Alejandro
    and Viso, Andr{\'e}s",
  title="Call-by-Need, Neededness and All That",
  booktitle="Foundations of Software Science and Computation Structures",
  year="2018",
  publisher="Springer International Publishing",
  address="Cham",
  pages="241--257",
  isbn="978-3-319-89366-2"
}


@inbook{dezani-ciancaglini-bohm-approximant,
	address = {Tokyo, Japan},
	author = {Mariangiola Dezani-Ciancaglini and Elio Giovannetti and Ugo de'Liguoro},
	booktitle = {{Theories of Types and Proofs}},
	doi = {10.2969/msjmemoirs/00201C020},
	editor = {Masako Takahashi and Mitsuhiro Okada and Mariangiola Dezani-Ciancaglini},
	pages = {45--97},
	publisher = {The Mathematical Society of Japan},
	series = {MSJ Memoirs},
	title = {{Intersection Types, $\lambda$-models, and Böhm Trees}},
	url = {https://doi.org/10.2969/msjmemoirs/00201C020},
	volume = {Volume 2},
	year = {1998}
}

@PhdThesis{Tesis:Morris,
  author = 	 {James Hiram Morris{,} Jr.},
  title = {{Lambda-Calculus Models of Programming Languages}},
  school = 	 {Massachusetts Institute of Technology},
  year = 	 {1969},
  OPTkey = 	 {},
  OPTtype = 	 {},
  OPTaddress = 	 {},
  OPTmonth = 	 {},
  OPTnote = 	 {},
  OPTannote = 	 {}
}


@inproceedings{Bre16,
  author = {Flavien Breuvart and Giulio Manzonetto and Andrew Polonsky and Domenico Ruoppolo},
  title = {{New Results on Morris's Observational Theory: The Benefits of Separating the Inseparable}},
  booktitle = {{1st International Conference on Formal Structures for Computation and Deduction (FSCD)}},
  year = {2016}
}

@inbook{StreetLaxFunctor,
  author = 	 {Ross Street},
  title = {{Two constructions on Lax functors}},
  year = 	 {1972},
  series = 	 {Cahiers de Topologie et Géométrie Différentielle Catégoriques},
}


